<collection xmlns="http://www.loc.gov/MARC21/slim">
<record>
  <leader>01449nam0a22002531i 450 </leader>
  <controlfield tag="001">IT\ICCU\CNCE\044994</controlfield>
  <controlfield tag="005">19990121000000.0</controlfield>
  <datafield tag="012" ind1=" " ind2=" ">
    <subfield code="a">lesi e.in e.a- cabi (3) 1559 (R)</subfield>
    <subfield code="2">fei</subfield>
  </datafield>
  <datafield tag="100" ind1=" " ind2=" ">
    <subfield code="a">19990120d1559        0itac0103    ba</subfield>
  </datafield>
  <datafield tag="101" ind1=" " ind2=" ">
    <subfield code="a">ITA</subfield>
  </datafield>
  <datafield tag="102" ind1=" " ind2=" ">
    <subfield code="a">IT</subfield>
  </datafield>
  <datafield tag="200" ind1="1" ind2=" ">
    <subfield code="a"></subfield>
  </datafield>
  <datafield tag="205" ind1=" " ind2=" ">
    <subfield code="a">Nuouamente da molti errori corretta, e ristampata</subfield>
  </datafield>
  <datafield tag="210" ind1=" " ind2=" ">
    <subfield code="a">In Venetia</subfield>
    <subfield code="c">appresso P. Gironimo Giglio</subfield>
    <subfield code="d">e compagni</subfield>
    <subfield code="d">1559</subfield>
    <subfield code="e">In Venetia: appressso P. Gironimo Giglio</subfield>
    <subfield code="h">ecompagni</subfield>
    <subfield code="h">1559</subfield>
  </datafield>
  <datafield tag="215" ind1=" " ind2=" ">
    <subfield code="a">184, \6! c.</subfield>
    <subfield code="d"></subfield>
  </datafield>
  <datafield tag="300" ind1=" " ind2=" ">
    <subfield code="a"></subfield>
  </datafield>
  <datafield tag="620" ind1=" " ind2=" ">
    <subfield code="a">IT</subfield>
    <subfield code="d">Venezia</subfield>
  </datafield>
  <datafield tag="712" ind1="0" ind2="0">
    <subfield code="a">Giglio, Girolamo</subfield>
    <subfield code="3">IT\ICCU\CNCT\000545</subfield>
    <subfield code="4">650</subfield>
  </datafield>
  <datafield tag="791" ind1="0" ind2="0">
    <subfield code="a">Lilius, Hieronymus</subfield>
    <subfield code="3">IT\ICCU\CNCT\002809</subfield>
    <subfield code="z">Giglio, Girolamo</subfield>
  </datafield>
  <datafield tag="801" ind1=" " ind2="3">
    <subfield code="a">IT</subfield>
    <subfield code="b">ICCU</subfield>
    <subfield code="c">20201114</subfield>
  </datafield>
  <datafield tag="899" ind1=" " ind2=" ">
    <subfield code="a">Biblioteca universitaria Alessandrina. Roma</subfield>
    <subfield code="1">RM0280</subfield>
    <subfield code="2">RML 01</subfield>
  </datafield>
  <datafield tag="899" ind1=" " ind2=" ">
    <subfield code="a">Biblioteca nazionale universitaria. Torino</subfield>
    <subfield code="1">TO0265</subfield>
    <subfield code="2">TO0 02</subfield>
  </datafield>
  <datafield tag="911" ind1=" " ind2=" ">
    <subfield code="a">Marca tipografica sulla risguardia in fondo al volume</subfield>
    <subfield code="9">IT\ICCU\CNCM\000451</subfield>
  </datafield>
  <datafield tag="921" ind1=" " ind2=" ">
    <subfield code="a">IT\ICCU\CNCM\000451</subfield>
    <subfield code="b">Tre gigli spuntano da un triangolo. In cornice a forma anch&apos;essa di triangolo formato da mani che si stringono.</subfield>
    <subfield code="e">Virtus labi nescit.</subfield>
    <subfield code="c">Q46</subfield>
    <subfield code="c">V361</subfield>
    <subfield code="c">Z662</subfield>
    <subfield code="f">GIGLI</subfield>
    <subfield code="f">MANI</subfield>
    <subfield code="f">TRIANGOLO</subfield>
    <subfield code="f">VIRTUSLABI</subfield>
    <subfield code="g">1558-1560</subfield>
  </datafield>
</record>
</collection>
